<record><leader>02871cam a2200469 i 4500</leader><controlfield tag="001">6813062</controlfield><controlfield tag="005">20150107100855.0</controlfield><controlfield tag="006">m     o  d        </controlfield><controlfield tag="007">cr cn|||||||||</controlfield><controlfield tag="008">141220s2015    ncua    ob    001 0 eng d</controlfield><datafield ind1=" " ind2=" " tag="020"><subfield code="a">9780822376279</subfield></datafield><datafield ind1=" " ind2=" " tag="020"><subfield code="a">082237627X</subfield></datafield><datafield ind1=" " ind2=" " tag="020"><subfield code="z">9780822357353 (hardcover : alk. paper)</subfield></datafield><datafield ind1=" " ind2=" " tag="020"><subfield code="z">0822357356 (hardcover : alk. paper)</subfield></datafield><datafield ind1=" " ind2=" " tag="020"><subfield code="z">9780822357490 (pbk. : alk. paper)</subfield></datafield><datafield ind1=" " ind2=" " tag="020"><subfield code="z">0822357496 (pbk. : alk. paper)</subfield></datafield><datafield ind1=" " ind2=" " tag="035"><subfield code="a">ocn899277552</subfield></datafield><datafield ind1=" " ind2=" " tag="039"><subfield code="a">exclude</subfield></datafield><datafield ind1=" " ind2=" " tag="040"><subfield code="a">YDXCP</subfield><subfield code="b">eng</subfield><subfield code="e">rda</subfield><subfield code="c">YDXCP</subfield><subfield code="d">NDD</subfield><subfield code="d">AEU</subfield></datafield><datafield ind1=" " ind2="4" tag="050"><subfield code="a">RA440.87.A35</subfield><subfield code="b">P36 2015</subfield></datafield><datafield ind1=" " ind2=" " tag="090"><subfield code="a">Internet Access</subfield><subfield code="b">AEU</subfield></datafield><datafield ind1="0" ind2="0" tag="245"><subfield code="a">Para-states and medical science :</subfield><subfield code="b">making African global health /</subfield><subfield code="c">P. Wenzel Geissler, editor.</subfield></datafield><datafield ind1=" " ind2="1" tag="264"><subfield code="a">Durham :</subfield><subfield code="b">Duke University Press,</subfield><subfield code="c">2015.</subfield></datafield><datafield ind1=" " ind2=" " tag="300"><subfield code="a">1 online resource (369 pages) :</subfield><subfield code="b">illustrations</subfield></datafield><datafield ind1=" " ind2=" " tag="336"><subfield code="a">text</subfield><subfield code="b">txt</subfield><subfield code="2">rdacontent</subfield></datafield><datafield ind1=" " ind2=" " tag="337"><subfield code="a">computer</subfield><subfield code="b">c</subfield><subfield code="2">rdamedia</subfield></datafield><datafield ind1=" " ind2=" " tag="338"><subfield code="a">online resource</subfield><subfield code="b">cr</subfield><subfield code="2">rdacarrier</subfield></datafield><datafield ind1="1" ind2=" " tag="490"><subfield code="a">Critical global health</subfield></datafield><datafield ind1=" " ind2=" " tag="504"><subfield code="a">Includes bibliographical references and index.</subfield></datafield><datafield ind1="0" ind2=" " tag="505"><subfield code="a">Treating to prevent HIV : population trials and experimental societies / Vinh-Kim Nguyen -- Trialing drugs, creating publics : medical research, leprosy control, and the construction of a public health sphere in post-1945 Nigeria / John Manton -- Lessons in medical nihilism : virus hunters, neoliberalism, and the AIDS crisis in Cameroon / Guillaume Lachenal -- What future remains? Remembering an African place of science / Paul Wenzel Geissler -- International health and proliferation of "partnerships" : (Un)intended boost for state institutions in Tanzania? / Rene Gerrets -- Working and surviving : government employees on ART in Uganda / Susan Reynolds Whyte -- Molecular and municipal politics : research and regulation in Dakar / Branwyn Poleykett -- The work of the virus : cutting and creating relations in an ART project / Lotte Meinert -- The blue warriors : science, democracy, and public health in Malaria control experiments / Uli Beisel -- The territory of medical research : experimentation in Africa's smallest state / Ann Kelly -- Adventures of African Nevirapine : the political biography of a magic bullet / Didier Fassin.</subfield></datafield><datafield ind1=" " ind2=" " tag="506"><subfield code="a">Access restricted to authorized users and institutions.</subfield></datafield><datafield ind1=" " ind2=" " tag="588"><subfield code="a">Description based on print version record.</subfield></datafield><datafield ind1=" " ind2=" " tag="596"><subfield code="a">44</subfield></datafield><datafield ind1=" " ind2="0" tag="650"><subfield code="a">Medical care</subfield><subfield code="x">Research</subfield><subfield code="z">Africa.</subfield></datafield><datafield ind1=" " ind2="0" tag="650"><subfield code="a">Medical policy</subfield><subfield code="z">Africa.</subfield></datafield><datafield ind1=" " ind2="0" tag="650"><subfield code="a">AIDS (Disease)</subfield><subfield code="x">Treatment</subfield><subfield code="z">Africa.</subfield></datafield><datafield ind1=" " ind2="0" tag="655"><subfield code="a">Electronic books.</subfield></datafield><datafield ind1="1" ind2=" " tag="700"><subfield code="a">Geissler, Wenzel.</subfield></datafield><datafield ind1=" " ind2="0" tag="830"><subfield code="a">Critical global health.</subfield></datafield><datafield ind1="4" ind2="0" tag="856"><subfield code="3">University of Alberta Access</subfield><subfield code="u">http://dx.doi.org/10.1215/9780822376279</subfield></datafield><datafield ind1=" " ind2=" " tag="949"><subfield code="h">UAIN</subfield><subfield code="z">DUKE</subfield></datafield><datafield ind1=" " ind2=" " tag="926"><subfield code="a">Internet Access</subfield><subfield code="w">LC</subfield><subfield code="c">1</subfield><subfield code="i">6813062-1001</subfield><subfield code="l">INTERNET</subfield><subfield code="m">UAINTERNET</subfield><subfield code="r">Y</subfield><subfield code="s">Y</subfield><subfield code="t">E-RESOURCE</subfield><subfield code="u">2/27/2015</subfield><subfield code="x">E-BOOK</subfield><subfield code="z">DUKE</subfield></datafield></record>